@article{张立先2011数控机床高速微线段插补算法与自适应前瞻处理,
  title={数控机床高速微线段插补算法与自适应前瞻处理},
  author={张立先 and 孙瑞勇 and 高小山 and 李洪波},
  journal={中国科学：技术科学},
  volume={41},
  number={6},
  pages={16},
  year={2011},
}